<record xmlns="http://www.loc.gov/MARC21/slim" xmlns:xsi="http://www.w3.org/2001/XMLSchema-instance" xsi:schemaLocation="http://www.loc.gov/MARC21/slim http://www.loc.gov/standards/marcxml/schema/MARC21slim.xsd"><leader>03524nam a2200577   4500</leader><controlfield tag="001">001677178</controlfield><controlfield tag="003">NNU</controlfield><controlfield tag="006">m        d        </controlfield><controlfield tag="007">cr cn |||m|||a</controlfield><controlfield tag="008">150223m18861888ua      o     000 0 ara d</controlfield><datafield ind1=" " ind2=" " tag="020"><subfield code="z">0524083045 (microfiche)</subfield></datafield><datafield ind1=" " ind2=" " tag="020"><subfield code="z">9780524083048 (microfiche)</subfield></datafield><datafield ind1=" " ind2=" " tag="040"><subfield code="a">NNU</subfield><subfield code="b">eng</subfield><subfield code="e">rda</subfield><subfield code="c">NNU</subfield></datafield><datafield ind1=" " ind2="4" tag="050"><subfield code="a">BP135.A128</subfield><subfield code="b">Q3</subfield></datafield><datafield ind1="1" ind2=" " tag="100"><subfield code="6">880-01</subfield><subfield code="a">Qast&#803;alla&#772;ni&#772;, Ah&#803;mad ibn Muh&#803;ammad,</subfield><subfield code="d">1447 or 1448-1517 or 1518.</subfield></datafield><datafield ind1="1" ind2="0" tag="240"><subfield code="6">880-02</subfield><subfield code="a">Irsha&#772;d al-sa&#772;ri&#772;</subfield></datafield><datafield ind1="1" ind2="0" tag="245"><subfield code="6">880-03</subfield><subfield code="a">Irsha&#772;d al-sa&#772;ri&#772; fi sharh&#803; S&#803;ah&#803;i&#772;h&#803; al-Bukha&#772;ri&#772; /</subfield><subfield code="c">ta&#700;li&#772;f Abi&#772; al-&#699;Abba&#772;s Shiha&#772;b al-Di&#772;n Ah&#803;mad ibn Muh&#803;ammad al-Qastalla&#772;ni&#772;. Wa-bi-ha&#772;mishihi S&#803;ah&#803;i&#772;h&#803; Muslim bi-Shuru&#772;h&#803; al-Nawawi&#772;</subfield></datafield><datafield ind1=" " ind2=" " tag="250"><subfield code="6">880-04</subfield><subfield code="a">T&#803;ab&#699;ah jadi&#772;dah bil-ufset.</subfield></datafield><datafield ind1=" " ind2=" " tag="260"><subfield code="6">880-05</subfield><subfield code="a">al-Qa&#772;hirah :</subfield><subfield code="b">al-Mat&#803;ba&#699;ah al-Ami&#772;ri&#772;yah,</subfield><subfield code="c">1886-1888.</subfield></datafield><datafield ind1=" " ind2=" " tag="300"><subfield code="a">online resource (10 volumes)</subfield></datafield><datafield ind1=" " ind2=" " tag="336"><subfield code="a">text</subfield><subfield code="2">rdacontent</subfield></datafield><datafield ind1=" " ind2=" " tag="337"><subfield code="a">computer</subfield><subfield code="2">rdamedia</subfield></datafield><datafield ind1=" " ind2=" " tag="338"><subfield code="a">online resource</subfield><subfield code="2">rdacarrier</subfield></datafield><datafield ind1=" " ind2=" " tag="500"><subfield code="a">Includes text of S&#803;ah&#803;i&#772;h&#803; al-Bukha&#772;ri&#772;.</subfield></datafield><datafield ind1=" " ind2=" " tag="500"><subfield code="a">Part of the Arabic Collections Online (ACO) project, contributed by New York Univeristy Libraries.</subfield></datafield><datafield ind1=" " ind2=" " tag="533"><subfield code="a">Electronic reproduction.</subfield><subfield code="b">New York, N.Y. :</subfield><subfield code="c">New York University,</subfield><subfield code="d">2015.</subfield><subfield code="5">NNU</subfield></datafield><datafield ind1=" " ind2="0" tag="650"><subfield code="a">Hadith</subfield><subfield code="x">Criticism, interpretation, etc.</subfield></datafield><datafield ind1=" " ind2="7" tag="650"><subfield code="a">Hadith.</subfield><subfield code="2">fast</subfield><subfield code="0">(OCoLC)fst00950112</subfield></datafield><datafield ind1=" " ind2="7" tag="655"><subfield code="a">Criticism, interpretation, etc.</subfield><subfield code="2">fast</subfield><subfield code="0">(OCoLC)fst01411635</subfield></datafield><datafield ind1="1" ind2="2" tag="700"><subfield code="6">880-06</subfield><subfield code="a">Bukha&#772;ri&#772;, Muh&#803;ammad ibn Isma&#772;&#699;i&#772;l,</subfield><subfield code="d">810-870.</subfield><subfield code="t">Ja&#772;mi&#699; al-s&#803;ah&#803;i&#772;h&#803;.</subfield></datafield><datafield ind1="0" ind2="2" tag="700"><subfield code="6">880-07</subfield><subfield code="a">Muslim ibn al-H&#803;ajja&#772;j al-Qushayri&#772;,</subfield><subfield code="d">approximately 821-875.</subfield><subfield code="t">Ja&#772;mi&#699; al-s&#803;ah&#803;i&#772;h&#803;.</subfield></datafield><datafield ind1="0" ind2="2" tag="700"><subfield code="6">880-08</subfield><subfield code="a">Nawaw&#299;,</subfield><subfield code="d">1233-1277</subfield><subfield code="t">Sharh&#803; S&#803;ah&#803;i&#772;h&#803; Muslim.</subfield></datafield><datafield ind1="2" ind2=" " tag="710"><subfield code="a">New York University.</subfield><subfield code="b">Libraries.</subfield></datafield><datafield ind1="0" ind2=" " tag="730"><subfield code="a">Arabic Collections Online.</subfield></datafield><datafield ind1="0" ind2="2" tag="740"><subfield code="6">880-09</subfield><subfield code="a">Ja&#772;mi&#699; al-s&#803;ah&#803;i&#772;h&#803;.</subfield></datafield><datafield ind1="0" ind2="2" tag="740"><subfield code="6">880-10</subfield><subfield code="a">Sharh&#803; S&#803;ah&#803;i&#772;h&#803; Muslim.</subfield></datafield><datafield ind1="0" ind2="8" tag="776"><subfield code="i">Print version:</subfield><subfield code="a">Qast&#803;alla&#772;ni&#772;, Ah&#803;mad ibn Muh&#803;ammad, 1447 or 1448-1517 or 1518.</subfield><subfield code="t">Irsha&#772;d al-sa&#772;ri&#772; fi sharh&#803; S&#803;ah&#803;i&#772;h&#803; al-Bukha&#772;ri&#772;</subfield><subfield code="w">(NNU)001677178</subfield><subfield code="z">0524083045 (microfiche)</subfield><subfield code="z">9780524083048 (microfiche)</subfield></datafield><datafield ind1="4" ind2="0" tag="856"><subfield code="u">http://hdl.handle.net/2333.1/4qrfj8zt</subfield></datafield><datafield ind1="1" ind2=" " tag="880"><subfield code="6">100-01/</subfield><subfield code="a">&#1602;&#1587;&#1591;&#1604;&#1575;&#1606;&#1610;&#1548; &#1575;&#1581;&#1605;&#1583; &#1576;&#1606; &#1605;&#1581;&#1605;&#1583;&#1548;</subfield><subfield code="d">1447 or 1448-1517 or 1518.</subfield></datafield><datafield ind1="1" ind2="0" tag="880"><subfield code="6">240-02/</subfield><subfield code="a">&#1575;&#1585;&#1588;&#1575;&#1583; &#1575;&#1604;&#1587;&#1575;&#1585;&#1610;</subfield></datafield><datafield ind1="1" ind2="0" tag="880"><subfield code="6">245-03/</subfield><subfield code="a">&#1575;&#1585;&#1588;&#1575;&#1583; &#1575;&#1604;&#1587;&#1575;&#1585;&#1610; &#1601;&#1610; &#1588;&#1585;&#1581; &#1589;&#1581;&#1610;&#1581; &#1575;&#1604;&#1576;&#1582;&#1575;&#1585;&#1610; /</subfield><subfield code="c">&#1578;&#1571;&#1604;&#1610;&#1601; &#1575;&#1576;&#1610; &#1575;&#1604;&#1593;&#1576;&#1575;&#1587; &#1588;&#1607;&#1575;&#1576; &#1575;&#1604;&#1583;&#1610;&#1606; &#1575;&#1581;&#1605;&#1583; &#1576;&#1606; &#1605;&#1581;&#1605;&#1583; &#1575;&#1604;&#1602;&#1587;&#1578;&#1604;&#1575;&#1606;&#1610;. &#1608;&#1576;&#1607;&#1575;&#1605;&#1588;&#1607; &#1589;&#1581;&#1610;&#1581; &#1605;&#1587;&#1604;&#1605; &#1576;&#1588;&#1585;&#1608;&#1581; &#1575;&#1604;&#1606;&#1608;&#1608;&#1610;</subfield></datafield><datafield ind1=" " ind2=" " tag="880"><subfield code="6">250-04/</subfield><subfield code="a">&#1591;&#1576;&#1593;&#1577; &#1580;&#1583;&#1610;&#1583;&#1577; &#1576;&#1604;&#1575;&#1601;&#1587;&#1578;.</subfield></datafield><datafield ind1=" " ind2=" " tag="880"><subfield code="6">260-05/</subfield><subfield code="a">&#1575;&#1604;&#1602;&#1575;&#1607;&#1585;&#1577; :</subfield><subfield code="b">&#1575;&#1604;&#1605;&#1591;&#1576;&#1593;&#1577; &#1575;&#1604;&#1571;&#1605;&#1610;&#1585;&#1610;&#1577;&#1548;</subfield><subfield code="c">1886-1888.</subfield></datafield><datafield ind1="1" ind2="2" tag="880"><subfield code="6">700-06/</subfield><subfield code="a">&#1576;&#1582;&#1575;&#1585;&#1610;&#1548; &#1605;&#1581;&#1605;&#1583; &#1576;&#1606; &#1575;&#1587;&#1605;&#1575;&#1593;&#1610;&#1604;&#1548;</subfield><subfield code="d">810-870.</subfield><subfield code="t">&#1580;&#1575;&#1605;&#1593; &#1575;&#1604;&#1589;&#1581;&#1610;&#1581;.</subfield></datafield><datafield ind1="0" ind2="2" tag="880"><subfield code="6">700-07/</subfield><subfield code="a">&#1605;&#1587;&#1604;&#1605; &#1576;&#1606; &#1575;&#1604;&#1581;&#1580;&#1575;&#1580; &#1575;&#1604;&#1602;&#1588;&#1610;&#1585;&#1610;&#1548;</subfield><subfield code="d">approximately 821-875.</subfield><subfield code="t">&#1580;&#1575;&#1605;&#1593; &#1575;&#1604;&#1589;&#1581;&#1610;&#1581;.</subfield></datafield><datafield ind1="0" ind2="2" tag="880"><subfield code="6">700-08/</subfield><subfield code="a">&#1606;&#1608;&#1608;&#1610;&#1548;</subfield><subfield code="d">1233-1277.</subfield><subfield code="t">&#1588;&#1585;&#1581; &#1589;&#1581;&#1610;&#1581; &#1605;&#1587;&#1604;&#1605;.</subfield></datafield><datafield ind1="0" ind2="2" tag="880"><subfield code="6">740-09/</subfield><subfield code="a">&#1580;&#1575;&#1605;&#1593; &#1575;&#1604;&#1589;&#1581;&#1610;&#1581;.</subfield></datafield><datafield ind1="0" ind2="2" tag="880"><subfield code="6">740-10/</subfield><subfield code="a">&#1588;&#1585;&#1581; &#1589;&#1581;&#1610;&#1581; &#1605;&#1587;&#1604;&#1605;.</subfield></datafield><datafield ind1=" " ind2="0" tag="830"><subfield code="a">ATLA monograph preservation program ;</subfield><subfield code="v">ATLA fiche 1993-4009.</subfield></datafield><datafield ind1=" " ind2=" " tag="959"><subfield code="a">NNU</subfield><subfield code="b">WEB</subfield><subfield code="c">GENI</subfield><subfield code="t">0</subfield><subfield code="m">Electronic access</subfield><subfield code="s">01</subfield></datafield><datafield ind1=" " ind2=" " tag="999"><subfield code="i">NNU_001677178</subfield><subfield code="s">nyu_aco000182:v.1</subfield><subfield code="s">nyu_aco000183:v.2</subfield><subfield code="s">nyu_aco000184:v.3</subfield><subfield code="s">nyu_aco000185:v.4</subfield><subfield code="s">nyu_aco000186:v.5</subfield><subfield code="s">nyu_aco000187:v.6</subfield><subfield code="s">nyu_aco000188:v.7</subfield><subfield code="s">nyu_aco000189:v.8</subfield><subfield code="s">nyu_aco000190:v.9</subfield><subfield code="s">nyu_aco000191:v.10</subfield><subfield code="e">(ERROR-880)</subfield></datafield></record>